@Article{Dummy,
  author = 	 {Dummy One and Dummy Two},
  title = 	 {The title of the journal paper},
  journal = 	 {Phys. Journal},
  year = 	 {2002},
  volume = 	 {1},
  number = 	 {1},
  pages = 	 {1-5},
  note = 	 {{h}ep-ph/0000000},
  URL =          {http://some.web.address}
}

